@article{Chmieletal2005,
	author = "Chmiel, K. and Gawinecki, M. and Karczmarek, P. and Szymczak, M. and Paprzycki, M.",
	title = "{Efficiency of JADE Agent Platform}",
	journal = "{Scientific Programming}",
	volume = "13",
	number = "2",
	year = "2005",
	pages = "159--172",
	doi = "doi:10.1155/2005/973963"
}
@inproceedings{Chmieletal2004,
	author = "Chmiel, K. and Tomiak, D. and Gawinecki, M. and Karczmarek, P. and Szymczak, M. and Paprzycki, M.",
	title = "{Testing the efficiency of JADE agent platform}",
	booktitle = "{Parallel and Distributed Computing, 2004. Third International Symposium on/Algorithms, Models and Tools for Parallel Computing on Heterogeneous Networks, 2004. Third International Workshop on}",
	year = "2004",
	month = "July",
	pages = "49--56",
	publisher = "IEEE",
	doi = "10.1109/ISPDC.2004.49"
}